@article{li2017extended,
  title={Extended dynamic mode decomposition with dictionary learning: A data-driven adaptive spectral decomposition of the Koopman operator},
  author={Li, Qianxiao and Dietrich, Felix and Bollt, Erik M and Kevrekidis, Ioannis G},
  journal={Chaos: An Interdisciplinary Journal of Nonlinear Science},
  volume={27},
  number={10},
  year={2017},
  publisher={AIP Publishing}
}